@inproceedings{retrofit,
author = {Boskovic J.D. and Mergstrom S.E. and Mehra R.K.},
title = {Retrofit reconfigurable flight control in the presence of control effector damage},
booktitle = {American Control Conference},
date = {2005},
OPTdoi = {10.1109/ACC.2005.1470368}
}

@article{OptimalHybrid,
        author={Tousi M.M. and Khorasani K.},
        year={2012},
        title={Optimal hybrid fault recovery in a team of unmanned aerial vehicles},
        journal={Automatica},
        volume={48},
        number={2},
        pages={410-418},
        url={www.scopus.com}
}

@inproceedings{Khalastchi:2013:SFD:2484920.2484927,
 author = {Khalastchi, Eliahu and Kalech, Meir and Rokach, Lior},
 title = {Sensor Fault Detection and Diagnosis for Autonomous Systems},
 booktitle = {Proceedings of the 2013 International Conference on Autonomous Agents and Multi-agent Systems},
 series = {AAMAS '13},
 year = {2013},
 isbn = {978-1-4503-1993-5},
 location = {St. Paul, MN, USA},
 pages = {15--22},
 numpages = {8},
 url = {http://dl.acm.org/citation.cfm?id=2484920.2484927},
 acmid = {2484927},
 publisher = {International Foundation for Autonomous Agents and Multiagent Systems},
 address = {Richland, SC},
 keywords = {fault detection, model-based diagnosis, robotics, sensors, uav},
}

@inbook{e1849973aca9451bb5a74cc4f384a2dc,
title = "SaTool - a Software Tool for Structural Analysis of Complex Automation Systems",
keywords = "Fault diagnosis, Structural analysis, Computer aided control systems design, Fault-tolerant control",
publisher = "Elsevier Science",
author = "Mogens Blanke and Torsten Lorentzen",
year = "2006",
doi = "10.3182/20060829-4-CN-2909.00104",
isbn = "978-3-902661-14-2",
pages = "673-678",
booktitle = "Proceedings of the 6. IFAC Symposium on Fault Detection, Supervision and Safety of Technical Processes",
}

@INPROCEEDINGS{946264,
author={Blanke, M. and Staroswiecki, M. and Wu, N.E.},
booktitle={American Control Conference, 2001. Proceedings of the 2001},
title={Concepts and methods in fault-tolerant control},
year={2001},
month={},
volume={4},
pages={2606-2620 vol.4},
keywords={control system analysis;fault diagnosis;fault tolerance;online operation;process control;automated processes;automatic condition assessment;availability;complex reconfiguration;fault-tolerant control;inherent redundancy;measurement estimate;online controller redesign;online fault diagnosis;re-tuning;remedial action calculation;Automatic control;Availability;Control systems;Fault diagnosis;Fault tolerance;Hazards;Personnel;Process control;Redundancy;Safety},
doi={10.1109/ACC.2001.946264},
ISSN={0743-1619},}

@INPROCEEDINGS{5929077,
author={Tousi, M.M. and Khorasani, K.},
booktitle={Systems Conference (SysCon), 2011 IEEE International},
title={Robust observer-based fault diagnosis for an unmanned aerial vehicle},
year={2011},
month={April},
pages={428-434},
keywords={aircraft control;fault diagnosis;linear systems;observers;remotely operated vehicles;FDI methodology;UAV linear model;actuator fault;aircraft;environmental disturbance;fault detection;fault isolation;robust observer-based fault diagnosis;sensor fault;structural fault;structural perturbation;unmanned aerial vehicle;wind disturbance;Aircraft;Atmospheric modeling;Equations;Ice;Mathematical model;Robustness;Stability analysis},
doi={10.1109/SYSCON.2011.5929077},}

@ARTICLE{5676695,
author={Meskin, N. and Khorasani, K. and Rabbath, C.A},
journal={Control Theory Applications, IET},
title={Hybrid fault detection and isolation strategy for non-linear systems in the presence of large environmental disturbances},
year={2010},
month={December},
volume={4},
number={12},
pages={2879-2895},
keywords={actuators;discrete event systems;fault diagnosis;geometry;nonlinear control systems;actuator fault detection;actuator fault isolation;almost-lighter-than-air-vehicle;discrete-event system fault diagnoser;environmental disturbance;hybrid architecture;hybrid fault detection;hybrid fault isolation;nonlinear geometric FDI approach;nonlinear system;residual generator},
doi={10.1049/iet-cta.2009.0294},
ISSN={1751-8644},}

@article{Zhang2008229,
title = "Bibliographical review on reconfigurable fault-tolerant control systems ",
journal = "Annual Reviews in Control ",
volume = "32",
number = "2",
pages = "229 - 252",
year = "2008",
note = "",
issn = "1367-5788",
doi = "http://dx.doi.org/10.1016/j.arcontrol.2008.03.008",
url = "http://www.sciencedirect.com/science/article/pii/S1367578808000345",
author = "Youmin Zhang and Jin Jiang",
keywords = "Fault-tolerant control systems (FTCS)",
keywords = "Active fault-tolerant control systems (AFTCS)",
keywords = "Fault detection and diagnosis (FDD)",
keywords = "Reconfigurable control (RC)",
keywords = "Bibliographical review "
}

@book{blanke2003diagnosis,
  title={Diagnosis and Fault-Tolerant Control},
  author={Blanke, M.},
  isbn={9783540010562},
  lccn={2003045727},
  series={Engineering online library},
  url={http://books.google.gr/books?id=j4Hm3f2NAvIC},
  year={2003},
  publisher={Springer}
}

@article{steinberg2005historical,
  title={Historical overview of research in reconfigurable flight control},
  author={Steinberg, Marc},
  journal={Proceedings of the Institution of Mechanical Engineers, Part G: Journal of Aerospace Engineering},
  volume={219},
  number={4},
  pages={263--275},
  year={2005},
  publisher={SAGE Publications}
}

@article{maybeck1991reconfigurable,
  title={Reconfigurable flight control via multiple model adaptive control methods},
  author={Maybeck, Peter S and Stevens, Richard D},
  journal={Aerospace and Electronic Systems, IEEE Transactions on},
  volume={27},
  number={3},
  pages={470--480},
  year={1991},
  publisher={IEEE}
}

@book{Leiserson2009,
author = {Leiserson, Charles E. and Cormen, Thomas H. and Stein, Clifford and Rivest, Ronald},
edition = {3},
file = {:media/Data/Dropbox/Textbooks/UAV/Programming/Introduction to Algorithms.pdf:pdf},
isbn = {978-0262033848},
mendeley-groups = {Books},
publisher = {The MIT Press},
title = {{Introduction to Algorithms}},
year = {2009}
}

